@book{ITA2016,
  doi = {10.1107/97809553602060000114},
  url = {https://doi.org/10.1107/97809553602060000114},
  year = {2016},
  month = dec,
  publisher = {International Union of Crystallography},
  editor = {M. I. Aroyo},
  volume = {A},
  title = {International Tables for Crystallography}
}
@book{muller2013symmetry,
  title={Symmetry relationships between crystal structures: applications of crystallographic group theory in crystal chemistry},
  author={M{\"u}ller, Ulrich},
  volume={18},
  year={2013},
  publisher={OUP Oxford}
}
@book{glazer2012space,
  title={Space groups for solid state scientists},
  author={Glazer, Michael and Burns, Gerald and Glazer, Alexander N},
  year={2012},
  publisher={Elsevier}
}
@misc{Souvignier08,
    author = {Bernd Souvignier},
    title = {Group theory applied to crystallography},
    howpublished = {\url{https://www.math.ru.nl/~souvi/krist_09/cryst.pdf}},
}
@BOOK{Aroyo2021-qr,
  title     = "Teaching edition of international tables for crystallography -
               crystallographic symmetry, sixth edition",
  author    = "Aroyo, M I",
  editor    = "Aroyo, Mois I",
  publisher = "John Wiley \& Sons",
  series    = "IUCr Series. International Tables for Crystallography",
  edition   =  6,
  month     =  may,
  year      =  2021,
  address   = "Nashville, TN",
  language  = "en"
}
